@article{matsenOB3b,
  title={Global molecular analyses of methane metabolism in methanotrophic {Alphaproteobacterium}, {Methylosinus trichosporium OB3b}. Part {I}: transcriptomic study},
  author={Matsen, Janet B and Yang, Song and Stein, Lisa Y and Beck, David AC and Kalyuzhanaya, Marina G},
  journal={Frontiers in microbiology},
  volume={4},
  pages={40},
  year={2013},
  publisher={Frontiers}
}

@article{yangOB3b,
  title={Global molecular analyses of methane metabolism in methanotrophic {Alphaproteobacterium}, {Methylosinus trichosporium OB3b}. Part {II}. Metabolomics and {13C}-labeling study},
  author={Yang, Song and Matsen, Janet B and Konopka, Michael and Green-Saxena, Abigail and Clubb, Justin and Sadilek, Martin and Orphan, Victoria J and Beck, David and Kalyuzhanaya, Marina G},
  journal={Frontiers in microbiology},
  volume={4},
  pages={70},
  year={2013},
  publisher={Frontiers}
}

@article{anthony1978,
  title={The prediction of growth yields in methylotrophs},
  author={Anthony, Christopher},
  journal={Microbiology},
  volume={104},
  pages={91--104},
  year={1978},
  publisher={Microbiology Society}
}

@book{anthony1982,
    author    = "Anthony, Christopher",
    title     = "The biochemistry of methylotrophs",
    year      = "1982",
    publisher = "Academic Press Inc",
    address   = "New York"
}

@article{anthony1994,
  title={The structure and function of methanol dehydrogenase and related quinoproteins containing pyrrolo-quinoline quinone.},
  author={Anthony, C\_ and Ghosh, M and Blake, CC},
  journal={Biochemical Journal},
  volume={304},
  pages={665},
  year={1994},
  publisher={Portland Press Ltd}
}

@incollection{anthony2002,
  title={Methanol dehydrogenase, a {PQQ}-containing quinoprotein dehydrogenase},
  author={Anthony, Christopher},
  booktitle={Enzyme-Catalyzed Electron and Radical Transfer},
  pages={73--117},
  year={2002},
  publisher={Springer}
}

@article{anthony2011,
  title={How half a century of research was required to understand bacterial growth on {C1} and {C2} compounds; the story of the serine cycle and the ethylmalonyl-{CoA} pathway},
  author={Anthony, Christopher},
  journal={Science progress},
  volume={94},
  number={2},
  pages={109--137},
  year={2011},
  publisher={Science Reviews 2000 Ltd}
}

@article{hanson1996,
  title={Methanotrophic bacteria.},
  author={Hanson, Richard S and Hanson, Thomas E},
  journal={Microbiological reviews},
  volume={60},
  number={2},
  pages={439--471},
  year={1996},
  publisher={Am Soc Microbiol}
}

@article{murrell2009,
  title={The microbial methane cycle},
  author={Murrell, J Colin and Jetten, Mike SM},
  journal={Environmental microbiology reports},
  volume={1},
  number={5},
  pages={279--284},
  year={2009},
  publisher={Wiley Online Library}
}

@article{trotsenko2008,
  title={Metabolic Aspects of Aerobic Obligate Methanotrophyâ‹†},
  author={Trotsenko, Yuri A and Murrell, John Colin},
  journal={Advances in applied microbiology},
  volume={63},
  pages={183--229},
  year={2008},
  publisher={Elsevier}
}

@article{mila2009,
  title={The expanding world of methylotrophic metabolism},
  author={Chistoserdova, Ludmila and Kalyuzhnaya, Marina G and Lidstrom, Mary E},
  journal={Annual review of microbiology},
  volume={63},
  pages={477--499},
  year={2009},
  publisher={Annual Reviews}
}

@article{ward2004,
  title={Genomic insights into methanotrophy: the complete genome sequence of Methylococcus capsulatus ({Bath})},
  author={Ward, Naomi and Larsen, {\O}ivind and Sakwa, James and Bruseth, Live and Khouri, Hoda and Durkin, A Scott and Dimitrov, George and Jiang, Lingxia and Scanlan, David and Kang, Katherine H and others},
  journal={PLoS Biol},
  volume={2},
  number={10},
  pages={e303},
  year={2004},
  publisher={Public Library of Science}
}

@article{dunfield2007,
  title={Methane oxidation by an extremely acidophilic bacterium of the phylum {Verrucomicrobia}},
  author={Dunfield, Peter F and Yuryev, Anton and Senin, Pavel and Smirnova, Angela V and Stott, Matthew B and Hou, Shaobin and Ly, Binh and Saw, Jimmy H and Zhou, Zhemin and Ren, Yan and others},
  journal={Nature},
  volume={450},
  number={7171},
  pages={879--882},
  year={2007},
  publisher={Nature Publishing Group}
}

@article{hou2008,
  title={Complete genome sequence of the extremely acidophilic methanotroph isolate {V4}, \textit{Methylacidiphilum infernorum}, a representative of the bacterial phylum {Verrucomicrobia}},
  author={Hou, Shaobin and Makarova, Kira S and Saw, Jimmy HW and Senin, Pavel and Ly, Benjamin V and Zhou, Zhemin and Ren, Yan and Wang, Jianmei and Galperin, Michael Y and Omelchenko, Marina V and others},
  journal={Biology Direct},
  volume={3},
  number={1},
  pages={26},
  year={2008},
  publisher={BioMed Central}
}

@article{chen2010,
  title={Complete genome sequence of the aerobic facultative methanotroph \textit{Methylocella silvestris} {BL2}},
  author={Chen, Yin and Crombie, Andrew and Rahman, M Tanvir and Dedysh, Svetlana N and Liesack, Werner and Stott, Matthew B and Alam, Maqsudul and Theisen, Andreas R and Murrell, J Colin and Dunfield, Peter F},
  journal={Journal of bacteriology},
  volume={192},
  number={14},
  pages={3840--3841},
  year={2010},
  publisher={Am Soc Microbiol}
}

@article{stein2010,
  title={Genome sequence of the obligate methanotroph \textit{Methylosinus trichosporium} strain {OB3b}},
  author={Stein, Lisa Y and Yoon, Sukhwan and Semrau, Jeremy D and DiSpirito, Alan A and Crombie, Andrew and Murrell, J Colin and Vuilleumier, St{\'e}phane and Kalyuzhnaya, Marina G and den Camp, Huub JM Op and Bringel, Fran{\c{c}}oise and others},
  journal={Journal of bacteriology},
  volume={192},
  number={24},
  pages={6497--6498},
  year={2010},
  publisher={Am Soc Microbiol}
}

@article{stein2011,
  title={Genome sequence of the methanotrophic {Alphaproteobacterium}, \textit{Methylocystis} sp. {Rockwell} ({ATCC} 49242)},
  author={Stein, Lisa Y and Bringel, Fran{\c{c}}oise and DiSpirito, Alan A and Han, Sukkyun and Jetten, Mike SM and Kalyuzhnaya, Marina G and Kits, K Dimitri and Klotz, Martin G and den Camp, Huub JM Op and Semrau, Jeremy D and others},
  journal={Journal of bacteriology},
  year={2011},
  publisher={Am Soc Microbiol}
}

@article{dam2012b,
  title={Complete genome sequence of \textit{Methylocystis} sp. strain {SC2}, an aerobic methanotroph with high-affinity methane oxidation potential},
  author={Dam, Bomba and Dam, Somasri and Kube, Michael and Reinhardt, Richard and Liesack, Werner},
  journal={Journal of bacteriology},
  volume={194},
  number={21},
  pages={6008--6009},
  year={2012},
  publisher={Am Soc Microbiol}
}

@article{kelly2005,
  title={Insights into the obligate methanotroph \textit{Methylococcus capsulatus}},
  author={Kelly, Donovan P and Anthony, Christopher and Murrell, J Colin},
  journal={Trends in microbiology},
  volume={13},
  number={5},
  pages={195--198},
  year={2005},
  publisher={Elsevier}
}

@article{khadem2011,
  title={Autotrophic methanotrophy in \textit{Verrucomicrobia}: \textit{Methylacidiphilum fumariolicum} SolV uses the {Calvin-Benson-Bassham} cycle for carbon dioxide fixation},
  author={Khadem, Ahmad F and Pol, Arjan and Wieczorek, Adam and Mohammadi, Seyed S and Francoijs, Kees-Jan and Stunnenberg, Henk G and Jetten, Mike SM and den Camp, Huub JM Op},
  journal={Journal of bacteriology},
  volume={193},
  number={17},
  pages={4438--4446},
  year={2011},
  publisher={Am Soc Microbiol}
}

@article{whittenbury1970,
  title={Enrichment, isolation and some properties of methane-utilizing bacteria},
  author={Whittenbury, R and Phillips, KC and Wilkinson, JF},
  journal={Microbiology},
  volume={61},
  number={2},
  pages={205--218},
  year={1970},
  publisher={Microbiology Society}
}

@article{oldenhuis1991,
  title={Kinetics of chlorinated hydrocarbon degradation by \textit{Methylosinus trichosporium} {OB3b} and toxicity of trichloroethylene.},
  author={Oldenhuis, Roelof and Oedzes, Johannes Y and Van der Waarde, JJ and Janssen, Dick B},
  journal={Applied and environmental microbiology},
  volume={57},
  number={1},
  pages={7--14},
  year={1991},
  publisher={Am Soc Microbiol}
}

@article{yamada1992,
  title={Purification and characterization of methanol dehydrogenase from /textit{Methylosinus trichosporium} ({OB3b})},
  author={Yamada, Kenji and Shimoda, Masahiro and Okura, Ichiro},
  journal={Journal of molecular catalysis},
  volume={73},
  number={3},
  pages={381--386},
  year={1992},
  publisher={Elsevier}
}

@misc{EPA1993,
  title = {Emerging Technology Summary Pilot-Scale Demonstration of a Two-Stage Methanotrophic Bioreactor for Biodegradation of Trichloroethylene in Groundwater},
  howpublished = {\url{http://nepis.epa.gov}},
  year={1993},
}

@article{fitch1996,
  title={Degradation of Trichloroethylene by Methanol-Grown Cultures of \textit{Methylosinus trichosporium} {OB3b} {PP358}.},
  author={Fitch, Mark W and Speitel, Gerald E and Georgiou, George},
  journal={Applied and environmental microbiology},
  volume={62},
  number={3},
  pages={1124--1128},
  year={1996},
  publisher={Am Soc Microbiol}
}

@article{hou1979,
  title={Microbial oxidation of gaseous hydrocarbons: epoxidation of {C2} to {C4} n-alkenes by methylotrophic bacteria.},
  author={Hou, Ching T and Patel, Ramesh and Laskin, Allen I and Barnabe, N},
  journal={Applied and environmental microbiology},
  volume={38},
  number={1},
  pages={127--134},
  year={1979},
  publisher={Am Soc Microbiol}
}

@phdthesis{williams1998,
  author       = {Williams, AM}, 
  title        = {The biochemistry and physiology of poly-beta-hydroxybutyrate metabolism in \textit{Methylosinus trichosporium} OB3b}, 
  school       = {Cranefield University},
  year         = 1998,
  address      = {},
  month        = 9,
  note         = {}
}

@article{doronina2008,
  title={Growth of \textit{Methylosinus trichosporium} {OB3b} on methane and poly-$\beta$-hydroxybutyrate biosynthesis},
  author={Doronina, NV and Ezhov, VA and Trotsenko, Yu A},
  journal={Applied biochemistry and microbiology},
  volume={44},
  number={2},
  pages={182--185},
  year={2008},
  publisher={Springer}
}

@article{hakemian2007,
  title={The biochemistry of methane oxidation},
  author={Hakemian, Amanda S and Rosenzweig, Amy C},
  journal={Annu. Rev. Biochem.},
  volume={76},
  pages={223--241},
  year={2007},
  publisher={Annual Reviews}
}

@article{semrau2010,
  title={Methanotrophs and copper},
  author={Semrau, Jeremy D and DiSpirito, Alan A and Yoon, Sukhwan},
  journal={FEMS microbiology reviews},
  volume={34},
  number={4},
  pages={496--531},
  year={2010},
  publisher={The Oxford University Press}
}

@article{oakley1988,
  title={{nifH} genes in the obligate methane oxidizing bacteria},
  author={Oakley, Christopher J and Murrell, J Colin},
  journal={FEMS microbiology letters},
  volume={49},
  number={1},
  pages={53--57},
  year={1988},
  publisher={The Oxford University Press}
}

@article{auman2001,
  title={{nifH} sequences and nitrogen fixation in type {I} and type {II} methanotrophs},
  author={Auman, Ann J and Speake, Catherine C and Lidstrom, Mary E},
  journal={Applied and Environmental Microbiology},
  volume={67},
  number={9},
  pages={4009--4016},
  year={2001},
  publisher={Am Soc Microbiol}
}

@article{lawrence1970,
  title={Alternative carbon assimilation pathways in methane-utilizing bacteria},
  author={Lawrence, AJ and Quayle, JR},
  journal={Microbiology},
  volume={63},
  number={3},
  pages={371--374},
  year={1970},
  publisher={Microbiology Society}
}

@article{strom1974,
  title={The carbon assimilation pathways of \textit{Methylococcus capsulatus}, \textit{Pseudomonas methanica} and \textit{Methylosinus trichosporium} ({OB3B}) during growth on methane},
  author={Str{\o}m, Terje and Ferenci, Thomas and Quayle, J Rodney},
  journal={Biochemical Journal},
  volume={144},
  number={3},
  pages={465--476},
  year={1974},
  publisher={Portland Press Limited}
}

@article{vallenet2006,
  title={{MaGe}: a microbial genome annotation system supported by synteny results},
  author={Vallenet, David and Labarre, Laurent and Rouy, Zoe and Barbe, Valerie and Bocs, Stephanie and Cruveiller, Stephane and Lajus, Aurelie and Pascal, Geraldine and Scarpelli, Claude and Medigue, Claudine},
  journal={Nucleic acids research},
  volume={34},
  number={1},
  pages={53--65},
  year={2006},
  publisher={Oxford Univ Press}
}

@article{mortazavi2008,
  title={Mapping and quantifying mammalian transcriptomes by {RNA-Seq}},
  author={Mortazavi, Ali and Williams, Brian A and McCue, Kenneth and Schaeffer, Lorian and Wold, Barbara},
  journal={Nature methods},
  volume={5},
  number={7},
  pages={621--628},
  year={2008},
  publisher={Nature Publishing Group}
}

@article{elango1997,
  title={Crystal structure of the hydroxylase component of methane monooxygenase from \textit{Methylosinus trichosporium} {OB3b}},
  author={Elango, Nates An and Radhakrishnan, Ramaswamy and Froland, Wayne A and Wallar, Bradley J and Earhart, Cathleen A and Lipscomb, John D and Ohlendorf, Douglas H},
  journal={Protein Science},
  volume={6},
  number={3},
  pages={556--568},
  year={1997},
  publisher={Wiley Online Library}
}

@article{hakemian2008,
  title={The metal centers of particulate methane monooxygenase from \textit{Methylosinus trichosporium} {OB3b}},
  author={Hakemian, Amanda S and Kondapalli, Kalyan C and Telser, Joshua and Hoffman, Brian M and Stemmler, Timothy L and Rosenzweig, Amy C},
  journal={Biochemistry},
  volume={47},
  number={26},
  pages={6793--6801},
  year={2008},
  publisher={ACS Publications}
}

@article{park1991,
  title={Batch cultivation of \textit{Methylosinus trichosporium} {OB3b. I}: {P}roduction of soluble methane monooxygenase},
  author={Park, Sunghoon and Hanna, Leslie and Taylor, Robert T and Droege, Michael W},
  journal={Biotechnology and bioengineering},
  volume={38},
  number={4},
  pages={423--433},
  year={1991},
  publisher={Wiley Online Library}
}

@article{park1992,
  title={Batch cultivation of \textit{Methylosinus trichosporium} {OB3b: II}. Production of particulate methane monooxygenase},
  author={Park, Sunghoon and Shah, Nilesh N and Taylor, Robert T and Droege, Michael W},
  journal={Biotechnology and bioengineering},
  volume={40},
  number={1},
  pages={151--157},
  year={1992},
  publisher={Wiley Online Library}
}

@article{shishkina1982,
  title={Multiple enzymic lesions in obligate methanotrophic bacteria},
  author={Shishkina, Valentina N and Trotsenko, Yu A},
  journal={FEMS microbiology letters},
  volume={13},
  number={3},
  pages={237--242},
  year={1982},
  publisher={Elsevier}
}

@article{trotsenko1976,
  title={Isolation and characterization of obligate methanotrophic bacteria},
  author={Trotsenko, Yu A and others},
  journal={Microbial Production and Utilization of Gases},
  pages={329--336},
  year={1976},
  publisher={Goltze Gottingen}
}

@article{peyraud2009,
  title={Demonstration of the ethylmalonyl-{CoA} pathway by using {13C} metabolomics},
  author={Peyraud, R{\'e}mi and Kiefer, Patrick and Christen, Philipp and Massou, Stephane and Portais, Jean-Charles and Vorholt, Julia A},
  journal={Proceedings of the National Academy of Sciences},
  volume={106},
  number={12},
  pages={4846--4851},
  year={2009},
  publisher={National Acad Sciences}
}

@article{pieja2011,
  title={Poly-3-hydroxybutyrate metabolism in the type {II} methanotroph \textit{Methylocystis parvus} {OBBP}},
  author={Pieja, Allison J and Sundstrom, Eric R and Criddle, Craig S},
  journal={Applied and environmental microbiology},
  volume={77},
  number={17},
  pages={6012--6019},
  year={2011},
  publisher={Am Soc Microbiol}
}

@article{phelps1992,
  title={\textit{Methylosinus trichosporium} {OB3b} mutants having constitutive expression of soluble methane monooxygenase in the presence of high levels of copper},
  author={Phelps, Patricia A and Agarwal, Sandeep K and Speitel, Gerald E and Georgiou, George},
  journal={Applied and environmental microbiology},
  volume={58},
  number={11},
  pages={3701--3708},
  year={1992},
  publisher={Am Soc Microbiol}
}

@article{nielsen1997,
  title={Copper-dependent reciprocal transcriptional regulation of methane monooxygenase genes in \textit{Methylococcus capsulatus} and \textit{Methylosinus trichosporium}},
  author={Nielsen, Allan K and Gerdes, Kenn and Murrell, J Colin},
  journal={Molecular microbiology},
  volume={25},
  number={2},
  pages={399--409},
  year={1997},
  publisher={Wiley Online Library}
}

@article{lloyd1999,
  title={Homologous expression of soluble methane monooxygenase genes in \textit{Methylosinus trichosporium} {OB3b}},
  author={Lloyd, John S and Finch, Ruth and Dalton, Howard and Murrell, J Colin},
  journal={Microbiology},
  volume={145},
  number={2},
  pages={461--470},
  year={1999},
  publisher={Microbiology Society}
}

@article{murrell2000,
  title={Regulation of expression of methane monooxygenases by copper ions},
  author={Murrell, J Colin and McDonald, Ian R and Gilbert, Bettina},
  journal={Trends in microbiology},
  volume={8},
  number={5},
  pages={221--225},
  year={2000},
  publisher={Elsevier}
}

@article{gilbert2000,
  title={Molecular analysis of the pmo (particulate methane monooxygenase) operons from two type {II} methanotrophs},
  author={Gilbert, Bettina and McDonald, Ian R and Finch, Ruth and Stafford, Graham P and Nielsen, Allan K and Murrell, J Colin},
  journal={Applied and environmental microbiology},
  volume={66},
  number={3},
  pages={966--975},
  year={2000},
  publisher={Am Soc Microbiol}
}

@article{holmes1995,
  title={Evidence that participate methane monooxygenase and ammonia monooxygenase may be evolutionarily related},
  author={Holmes, Andrew J and Costello, Andria and Lidstrom, Mary E and Murrell, J Colin},
  journal={FEMS microbiology letters},
  volume={132},
  number={3},
  pages={203--208},
  year={1995},
  publisher={The Oxford University Press}
}

@article{stolyar1999,
  title={Role of multiple gene copies in particulate methane monooxygenase activity in the methane-oxidizing bacterium \textit{Methylococcus capsulatus} Bath},
  author={Stolyar, Sergei and Costello, Andria M and Peeples, Tonya L and Lidstrom, Mary E},
  journal={Microbiology},
  volume={145},
  number={5},
  pages={1235--1244},
  year={1999},
  publisher={Microbiology Society}
}

@article{dam2012a,
  title={Complete sequence analysis of two methanotroph-specific {repABC}-containing plasmids from Methylocystis sp. strain {SC2}},
  author={Dam, Bomba and Kube, Michael and Dam, Somasri and Reinhardt, Richard and Liesack, Werner},
  journal={Applied and environmental microbiology},
  volume={78},
  number={12},
  pages={4373--4379},
  year={2012},
  publisher={Am Soc Microbiol}
}

@article{berube2012,
  title={The divergent {AmoC3} subunit of ammonia monooxygenase functions as part of a stress response system in \textit{Nitrosomonas europaea}},
  author={Berube, Paul M and Stahl, David A},
  journal={Journal of bacteriology},
  volume={194},
  number={13},
  pages={3448--3456},
  year={2012},
  publisher={Am Soc Microbiol}
}

@article{schmidt2010,
  title={Functional investigation of methanol dehydrogenase-like protein {XoxF} in \textit{Methylobacterium extorquens} {AM1}},
  author={Schmidt, Sabrina and Christen, Philipp and Kiefer, Patrick and Vorholt, Julia A},
  journal={Microbiology},
  volume={156},
  number={8},
  pages={2575--2586},
  year={2010},
  publisher={Microbiology Society}
}

@article{skovran2011,
  title={{XoxF} is required for expression of methanol dehydrogenase in \textit{Methylobacterium extorquens} {AM1}},
  author={Skovran, Elizabeth and Palmer, Alexander D and Rountree, Austin M and Good, Nathan M and Lidstrom, Mary E},
  journal={Journal of bacteriology},
  volume={193},
  number={21},
  pages={6032--6038},
  year={2011},
  publisher={Am Soc Microbiol}
}

@article{wilson2008,
  title={Identification of proteins involved in formaldehyde metabolism by \textit{Rhodobacter sphaeroides}},
  author={Wilson, Shondelle M and Gleisten, Marshall P and Donohue, Timothy J},
  journal={Microbiology},
  volume={154},
  number={1},
  pages={296--305},
  year={2008},
  publisher={Microbiology Society}
}

@article{toyama1997,
  title={Sequence analysis of pqq genes required for biosynthesis of pyrroloquinoline quinone in \textit{Methylobacterium extorquens} {AM1} and the purification of a biosynthetic intermediate},
  author={Toyama, Hirohide and Chistoserdova, Ludmila and Lidstrom, Mary E},
  journal={Microbiology},
  volume={143},
  number={2},
  pages={595--602},
  year={1997},
  publisher={Microbiology Society}
}

@article{patel1980,
  title={Purification and properties of a heme-containing aldehyde dehydrogenase from /textit{Methylosinus trichosporium}},
  author={Patel, Ramesh N and Hou, Ching T and Derelanko, P and Felix, A},
  journal={Archives of biochemistry and biophysics},
  volume={203},
  number={2},
  pages={654--662},
  year={1980},
  publisher={Elsevier}
}

@article{vorholt1999,
  title={Distribution of tetrahydromethanopterin-dependent enzymes in methylotrophic bacteria and phylogeny of methenyl tetrahydromethanopterin cyclohydrolases},
  author={Vorholt, Julia A and Chistoserdova, Ludmila and Stolyar, Sergei M and Thauer, Rudolf K and Lidstrom, Mary E},
  journal={Journal of bacteriology},
  volume={181},
  number={18},
  pages={5750--5757},
  year={1999},
  publisher={Am Soc Microbiol}
}
