%---- Mila articles -----
@article{evans2015,
  title={Methane metabolism in the archaeal phylum Bathyarchaeota revealed by genome-centric metagenomics},
  author={Evans, Paul N and Parks, Donovan H and Chadwick, Grayson L and Robbins, Steven J and Orphan, Victoria J and Golding, Suzanne D and Tyson, Gene W},
  journal={Science},
  volume={350},
  number={6259},
  pages={434--438},
  year={2015},
  publisher={American Association for the Advancement of Science}
}

@article{daly2016,
  title={Microbial metabolisms in a 2.5-km-deep ecosystem created by hydraulic fracturing in shales},
  author={Daly, Rebecca A and Borton, Mikayla A and Wilkins, Michael J and Hoyt, David W and Kountz, Duncan J and Wolfe, Richard A and Welch, Susan A and Marcus, Daniel N and Trexler, Ryan V and MacRae, Jean D and others},
  journal={Nature Microbiology},
  volume={1},
  pages={16146},
  year={2016},
  publisher={Nature Publishing Group}
}

@article{kantor2017,
  title={Genome-resolved meta-omics ties microbial dynamics to process performance in biotechnology for thiocyanate degradation},
  author={Kantor, Rose S and Huddy, Robert J and Iyer, Ramsunder M and Thomas, Brian C and Brown, Christopher T and Anantharaman, Karthik and Tringe, Susannah Green and Hettich, Robert L and Harrison, Susan TL and Banfield, Jillian F},
  journal={Environmental Science \& Technology},
  year={2017},
  publisher={ACS Publications}
}

%----- Assembly


%---- Binning

@article{sedlar2017,
  title={Bioinformatics strategies for taxonomy independent binning and visualization of sequences in shotgun metagenomics},
  author={Sedlar, Karel and Kupkova, Kristyna and Provaznik, Ivo},
  journal={Computational and Structural Biotechnology Journal},
  volume={15},
  pages={48--55},
  year={2017},
  publisher={Elsevier}
}

@article{concoct2014,
  title={Binning metagenomic contigs by coverage and composition},
  author={Alneberg, Johannes and Bjarnason, Brynjar Sm{\'a}ri and De Bruijn, Ino and Schirmer, Melanie and Quick, Joshua and Ijaz, Umer Z and Lahti, Leo and Loman, Nicholas J and Andersson, Anders F and Quince, Christopher},
  journal={Nature methods},
  volume={11},
  number={11},
  pages={1144--1146},
  year={2014},
  publisher={Nature Research}
}

@article{metabat2015,
  title={MetaBAT, an efficient tool for accurately reconstructing single genomes from complex microbial communities},
  author={Kang, Dongwan D and Froula, Jeff and Egan, Rob and Wang, Zhong},
  journal={PeerJ},
  volume={3},
  pages={e1165},
  year={2015},
  publisher={PeerJ Inc.}
}

@article{mycc2016,
  title={Accurate binning of metagenomic contigs via automated clustering sequences using information of genomic signatures and marker genes},
  author={Lin, Hsin-Hung and Liao, Yu-Chieh},
  journal={Scientific reports},
  volume={6},
  year={2016},
  publisher={Nature Publishing Group}
}


%---- Bin Evaluation
@article{parks2015,
  title={CheckM: assessing the quality of microbial genomes recovered from isolates, single cells, and metagenomes},
  author={Parks, Donovan H and Imelfort, Michael and Skennerton, Connor T and Hugenholtz, Philip and Tyson, Gene W},
  journal={Genome research},
  volume={25},
  number={7},
  pages={1043--1055},
  year={2015},
  publisher={Cold Spring Harbor Lab}
}


%----- Misc

% many can't be isolated
@article{kaeberlein2002,
  title={Isolating" uncultivable" microorganisms in pure culture in a simulated natural environment},
  author={Kaeberlein, Tammi and Lewis, Kim and Epstein, Slava S},
  journal={Science},
  volume={296},
  number={5570},
  pages={1127--1129},
  year={2002},
  publisher={American Association for the Advancement of Science}
}

% many can't be isolated
@article{stewart2012,
  title={Growing unculturable bacteria},
  author={Stewart, Eric J},
  journal={Journal of bacteriology},
  volume={194},
  number={16},
  pages={4151--4160},
  year={2012},
  publisher={Am Soc Microbiol}
}
