@article{anthony1978,
  title={The prediction of growth yields in methylotrophs},
  author={Anthony, Christopher},
  journal={Microbiology},
  volume={104},
  pages={91--104},
  year={1978},
  publisher={Microbiology Society}
}

@book{anthony1982,
    author    = "Anthony, Christopher",
    title     = "The biochemistry of methylotrophs",
    year      = "1982",
    publisher = "Academic Press Inc",
    address   = "New York"
}

@article{anthony1994,
  title={The structure and function of methanol dehydrogenase and related quinoproteins containing pyrrolo-quinoline quinone.},
  author={Anthony, C\_ and Ghosh, M and Blake, CC},
  journal={Biochemical Journal},
  volume={304},
  pages={665},
  year={1994},
  publisher={Portland Press Ltd}
}

@incollection{anthony2002,
  title={Methanol dehydrogenase, a {PQQ}-containing quinoprotein dehydrogenase},
  author={Anthony, Christopher},
  booktitle={Enzyme-Catalyzed Electron and Radical Transfer},
  pages={73--117},
  year={2002},
  publisher={Springer}
}

@article{anthony2011C1C2,
  title={How half a century of research was required to understand bacterial growth on {C1} and {C2} compounds; the story of the serine cycle and the ethylmalonyl-{CoA} pathway},
  author={Anthony, Christopher},
  journal={Science progress},
  volume={94},
  number={2},
  pages={109--137},
  year={2011},
  publisher={Science Reviews 2000 Ltd}
}
