@incollection{lidstrom2006,
  title={Aerobic methylotrophic prokaryotes},
  author={Lidstrom, Mary E},
  booktitle={The prokaryotes},
  pages={618--634},
  year={2006},
  publisher={Springer}
}

@article{kalyuzhnaya2015,
  title={Metabolic engineering in methanotrophic bacteria},
  author={Kalyuzhnaya, Marina G and Puri, Aaron W and Lidstrom, Mary E},
  journal={Metabolic engineering},
  volume={29},
  pages={142--152},
  year={2015},
  publisher={Elsevier}
}
